@article{BARACHANT2013172,
    title = "Classification of covariance matrices using a Riemannian-based kernel for BCI applications",
    journal = "Neurocomputing",
    volume = "112",
    pages = "172 - 178",
    year = "2013",
    note = "Advances in artificial neural networks, machine learning, and computational intelligence",
    issn = "0925-2312",
    doi = "https://doi.org/10.1016/j.neucom.2012.12.039",
    url = "http://www.sciencedirect.com/science/article/pii/S0925231213001574",
    author = "Alexandre Barachant and Stéphane Bonnet and Marco Congedo and Christian Jutten",
    keywords = "Brain–computer interfaces, Covariance matrix, Kernel, Support vector machine, Riemannian geometry"
}

@phdthesis{barachant:tel-01196752,
  TITLE = {{Robust control of an actuator by EEG based asynchronous BCI}},
  AUTHOR = {Barachant, Alexandre},
  URL = {https://tel.archives-ouvertes.fr/tel-01196752},
  NUMBER = {2012GRENT112},
  SCHOOL = {{Universit{\'e} de Grenoble}},
  YEAR = {2012},
  MONTH = Mar,
  KEYWORDS = {Brain computer interface ; EEG ; BCI ; Interface cerveau machine ; ICM},
  TYPE = {Theses},
  PDF = {https://tel.archives-ouvertes.fr/tel-01196752/file/BARACHANT_2012_archivage.pdf},
  HAL_ID = {tel-01196752},
  HAL_VERSION = {v1},
}